


@misc{t02_McAffee,
 title = {McAfee SiteAdvisor Software -- Website Safety Ratings and Secure Search},
 author = {McAfee},
 url = {http://www.siteadvisor.com},
 urldate = {13.06.2015}
}


@misc{t02_Microsoft,
 author = {Microsoft},
 editor = {Microsoft},
 OPTyear = {11.06.2015},
 title = {SmartScreen-Filter - Microsoft Windows},
 url = {http://windows.microsoft.com/de-de/internet-explorer/products/ie-9/features/smartscreen-filter},
 urldate = {13.06.2015}
}




@incollection{t02_Guha,
 author = {Guha, Arjun and Saftoiu, Claudiu and Krishnamurthi, Shriram},
 title = {The Essence of JavaScript},
 pages = {126--150},
 volume = {6183},
 publisher = {{Springer Berlin Heidelberg}},
 isbn = {978-3-642-14106-5},
 series = {Lecture Notes in Computer Science},
 OPTeditor = {Hutchison, David and Kanade, Takeo and Kittler, Josef and Kleinberg, Jon M. and Mattern, Friedemann and Mitchell, John C. and Naor, Moni and Nierstrasz, Oscar and {Pandu Rangan}, C. and Steffen, Bernhard and Sudan, Madhu and Terzopoulos, Demetri and Tygar, Doug and Vardi, Moshe Y. and Weikum, Gerhard and D'Hondt, Theo},
 booktitle = {ECOOP 2010 -- Object-Oriented Programming},
 year = {2010},
 OPTaddress = {Berlin, Heidelberg},
 doi = {10.1007/978-3-642-14107-2{\textunderscore }7}
}



@techreport{t02_Caja,
 author = {Jackson, Collin and Wagner, David and Hopwood, David-Sarah and Lee, Felix and Yee, Ka-Ping and Close, Tyler},
 year = {2008},
 title = {Caja external security review},
 url = {http://google-caja.googlecode.},
 urldate = {09.06.2015}
}


@inproceedings{t02_Yee,
 author = {Yee, Bennet and Sehr, David and Dardyk, Gregory and Chen, J. Bradley and Muth, Robert and Ormandy, Tavis and Okasaka, Shiki and Narula, Neha and Fullagar, Nicholas},
 title = {Native Client: A Sandbox for Portable, Untrusted x86 Native Code},
 pages = {79--93},
 year = {2009},
 booktitle = {2009 30th IEEE Symposium on Security and Privacy (SP)},
 doi = {10.1109/SP.2009.25}
}




@inproceedings{t02_Scott,
 author = {Scott, K. and Davidson, J.},
 title = {Safe virtual execution using software dynamic translation},
 pages = {209--218},
 booktitle = {Eighteenth Annual Computer Security Applications Conference},
 year = {9-13 Dec. 2002},
 doi = {10.1109/CSAC.2002.1176292}
}




@misc{t02_Kumar,
 author = {Kumar, Surendra},
 year = {2011},
 title = {The Linux Juggernaut: What is SUID and how to set SUID in Linux/Unix?},
 url = {http://www.linuxnix.com/2011/12/suid-set-suid-linuxunix.html},
 urldate = {05.06.2015}
}




@inproceedings{t02_Dean,
 author = {Dean, Drew and Felten, Edward and Wallach, Dan},
 title = {Java Security: From HotJava to Netscape and Beyond},
 pages = {190--200},
 year = {1996},
 booktitle = {1996 IEEE Symposium on Security and Privacy}
}




@inproceedings{t02_Szekeres,
 author = {Szekeres, L. and Payer, M. and {Tao Wei} and Song, Dawn},
 title = {SoK: Eternal War in Memory},
 pages = {48--62},
 year = {2013},
 booktitle = {2013 IEEE Symposium on Security and Privacy (SP) Conference},
 doi = {10.1109/SP.2013.13}
}





@misc{t02_CVEDetails,
 author = {{CVE Details}},
 editor = {{CVE Details}},
 title = {Google V8 Security Vulnerabilities},
 url = {http://www.cvedetails.com/vulnerability-list/vendor_id-1224/product_id-17734/Google-V8.html},
 urldate = {30.05.2015}
}



@misc{t02_TrendLabs,
 author = {TrendLabs},
 editor = {TrendMicro},
 year = {2013},
 title = {TrendLabs 2Q 2013 Security Roundup},
 url = {http://www.trendmicro.com/cloud-content/us/pdfs/security-intelligence/reports/rpt-2q-2013-trendlabs-security-roundup.pdf},
 urldate = {12.05.2015}
}




@inproceedings{t02_Cappos,
 author = {Cappos, Justin and Dadgar, Armon and Rasley, Jeff and Samuel, Justin and Beschastnikh, Ivan and Barsan, Cosmin and Krishnamurthy, Arvind and Anderson, Thomas},
 title = {Retaining sandbox containment despite bugs in privileged memory-safe code},
 pages = {212},
  year = {2010},
 OPTeditor = {Al-Shaer, Ehab and Keromytis, Angelos D. and Shmatikov, Vitaly},
 booktitle = {the 17th ACM conference},
 doi = {10.1145/1866307.1866332}
}


@proceedings{t02_AASandbox,
 year = {2010},
 title = {An Android Application Sandbox System for Suspicious Software Detection},
 url = {http://ieeexplore.ieee.org/servlet/opac?punumber=5655114},
 address = {Piscataway, NJ},
 publisher = {IEEE},
 isbn = {978-1-4244-9356-2},
 OPTeditor = {{Thomas BlÂ¨asing, Leonid Batyuk, Aubrey-Derrick Schmidt}},
 institution = {{Institute of Electrical and Electronics Engineers} and {Computer Society} and {IEEE International Conference on Malicious and Unwanted Software} and Malware}
}


@inproceedings{t02_TaesooKim,
 author = {{Taesoo Kim} and {Nickolai Zeldovich}},
 title = {Practical and Effective Sandboxing for Non-root Users},
 url = {https://www.usenix.org/conference/atc13/technical-sessions/presentation/kim},
 pages = {139--144},
 publisher = {USENIX},
 isbn = {978-1-931971-01-0},
 booktitle = {Presented as part of the 2013 USENIX Annual Technical Conference (USENIX ATC 13)},
 year = {2013},
 address = {San Jose, CA}
}


@inproceedings{t02_MobileSandbox,
 author = {Spreitzenbarth, Michael and Freiling, Felix and Echtler, Florian and Schreck, Thomas and Hoffmann, Johannes},
 title = {Mobile-sandbox: having a deeper look into android applications},
 pages = {1808},
 OPTeditor = {Shin, Sung Y. and Maldonado, Jos{\'e} Carlos},
 booktitle = {the 28th Annual ACM Symposium},
 doi = {10.1145/2480362.2480701}
}


@book{t02_Sommer,
 year = {2011},
 title = {Recent Advances in Intrusion Detection},
 publisher = {{Springer Berlin Heidelberg}},
 isbn = {978-3-642-23643-3},
 series = {Lecture Notes in Computer Science},
 OPTeditor = {Sommer, Robin and Balzarotti, Davide and Maier, Gregor}
}



@book{t02_Shema,
 year = {2012},
 title = {Hacking Web Apps},
 address = {Boston},
 publisher = {Syngress},
 isbn = {978-1-59749-951-4},
 OPTeditor = {Shema, Mike}
}


@article{t02_EnterSandbox,
 author = {{Sebastian Neuner} and {Victor van der Veen} and {Martina Lindorfer} and {Markus Huber} and {Georg Merzdovnik} and {Martin Mulazzani} and {Edgar R. Weippl}},
 year = {2014},
 title = {Enter Sandbox: Android Sandbox Comparison},
 volume = {abs/1410.7749},
 journal = {CoRR}
}


@book{t02_Botnets,
 year = {2007},
 title = {Botnets: The Killer Web App},
 address = {Burlington},
 publisher = {Syngress},
 isbn = {978-1-59749-135-8},
 OPTeditor = {Schiller, Craig A. and Binkley, Jim and Harley, David and Evron, Gadi and Bradley, Tony and Willems, Carsten and Cross, Michael}
}


@inproceedings{t02_ADsafety,
 author = {Politz, Joe Gibbs and Eliopoulos, Spiridon Aristides and Guha, Arjun and Krishnamurthi, Shriram},
 title = {ADsafety: Type-Based Verification of JavaScript Sandboxing},
 pages = {171--186},
 booktitle = {Proceedings of the 20th USENIX Security Symposium},
 year = {8--12 August, 2011}
}


@inproceedings{t02_Payer,
 author = {Payer, Mathias and Hartmann, Tobias and Gross, Thomas R.},
 title = {Safe Loading - A Foundation for Secure Execution of Untrusted Programs},
 pages = {18--32},
 year = {2012},
 booktitle = {2012 IEEE Symposium on Security and Privacy},
 doi = {10.1109/SP.2012.11}
}


@incollection{t02_Shema_CH2,
 author = {{Mike Shema}},
 title = {Chapter 2 - 5HTML6 Injection {\&} Cross-Site Scripting (XSS)},
 url = {http://www.sciencedirect.com/science/article/pii/B9781597499514000023},
 pages = {23--78},
 publisher = {Syngress},
 isbn = {978-1-59749-951-4},
 OPTeditor = {Shema, Mike},
 booktitle = {Hacking Web Apps},
 year = {2012},
 address = {Boston},
 doi = {10.1016/B978-1-59-749951-4.00002-3}
}


@incollection{t02_Lindorfer,
 author = {Lindorfer, Martina and Kolbitsch, Clemens and {Milani Comparetti}, Paolo},
 title = {Detecting Environment-Sensitive Malware},
 url = {http://dx.doi.org/10.1007/978-3-642-23644-0_18},
 keywords = {Behavior Comparison;Dynamic Analysis;Malware;Sandbox Detection},
 pages = {338--357},
 volume = {6961},
 publisher = {{Springer Berlin Heidelberg}},
 isbn = {978-3-642-23643-3},
 series = {Lecture Notes in Computer Science},
OPTeditor = {Sommer, Robin and Balzarotti, Davide and Maier, Gregor},
 booktitle = {Recent Advances in Intrusion Detection},
 year = {2011},
 doi = {10.1007/978-3-642-23644-0{\textunderscore }18}
}


@misc{t02_Kruegel,
 author = {Kruegel, Christopher},
 year = {2014},
 title = {Full System Emulation: Achieving Successful Automated Dynamic Analysis of Evasive Malware},
 editor = {Blackhat},
 institution = {{Lastline Inc.}}
}


@book{t02_Hoopes,
 year = {2009},
 title = {Virtualization for security},
 url = {http://site.ebrary.com/lib/alltitles/docDetail.action?docID=10279782},
 address = {Burlington, Mass.},
 publisher = {{Syngress Publ}},
 isbn = {9781597493055},
 editor = {Hoopes, John and Bawcom, Aaron}
}


@article{t02_Egele,
 author = {Egele, Manuel and Scholte, Theodoor and Kirda, Engin and Kruegel, Christopher},
 year = {2012},
 title = {A survey on automated dynamic malware-analysis techniques and tools},
 pages = {1--42},
 volume = {44},
 number = {2},
 issn = {03600300},
 journal = {ACM Computing Surveys},
 doi = {10.1145/2089125.2089126}
}


@inproceedings{t02_Dewald,
 author = {Dewald, Andreas and Holz, Thorsten and Freiling, Felix C.},
 title = {ADSandbox: Sandboxing JavaScript to fight Malicious Websites},
 pages = {1859},
 year = {2010},
 OPTeditor = {Shin, Sung Y. and Ossowski, Sascha and Schumacher, Michael and Palakal, Mathew J. and Hung, Chih-Cheng},
 booktitle = {Proceedings of the 2010 ACM Symposium on Applied Computing},
 doi = {10.1145/1774088.1774482}
}


@incollection{t02_Schiller_CH10,
 author = {{Craig A. Schiller} and {Jim Binkley} and {David Harley} and {Gadi Evron} and {Tony Bradley} and {Carsten Willems} and {Michael Cross}},
 title = {Chapter 10 - Using Sandbox Tools for Botnets},
 url = {http://www.sciencedirect.com/science/article/pii/B9781597491358500123},
 pages = {345--390},
 publisher = {Syngress},
 isbn = {978-1-59749-135-8},
 OPTeditor = {Schiller, Craig A. and Binkley, Jim and Harley, David and Evron, Gadi and Bradley, Tony and Willems, Carsten and Cross, Michael},
 booktitle = {Botnets},
 year = {2007},
 address = {Burlington},
 doi = {10.1016/B978-159749135-8/50012-3}
}




@misc{t02_Balzarotti,
 author = {Balzarotti, Davide and Cova, Marco and Karlberger, Christoph and Kruegel, Christopher and Kirda, Engin and Vigna, Giovanni},
 year = {2010},
 title = {Efficient Detection of Split Personalities in Malware}
}


@inproceedings{t02_Ansel,
 author = {Ansel, Jason and Marchenko, Petr and Erlingsson, Ulfar and Taylor, Elijah and Chen, Brad and Schuff, Derek L. and Sehr, David and Biffle, Cliff L. and Yee, Bennet},
 title = {Language-independent sandboxing of just-in-time compilation and self-modifying code},
 pages = {355},
 year = {2011},
 OPTeditor = {Hall, Mary and Padua, David},
 booktitle = {the 32nd ACM SIGPLAN conference},
 doi = {10.1145/1993498.1993540}
}



@inproceedings{t02_Vidas,
 author = {Vidas, Timothy and Christin, Nicolas},
 title = {Evading android runtime analysis via sandbox detection},
 pages = {447--458},
 OPTeditor = {Moriai, Shiho and Jaeger, Trent and Sakurai, Kouichi},
 booktitle = {the 9th ACM symposium},
 doi = {10.1145/2590296.2590325}
}


@inproceedings{t02_Werthmann,
 author = {Werthmann, Tim and Hund, Ralf and Davi, Lucas and Sadeghi, Ahmad-Reza and Holz, Thorsten},
 title = {PSiOS: bring your own privacy {\&} security to iOS devices},
 pages = {13--24},
 editor = {Chen, Kefei and Xie, Qi and Qiu, Weidong and Li, Ninghui and Tzeng, Wen-Guey},
 booktitle = {the 8th ACM SIGSAC symposium},
 doi = {10.1145/2484313.2484316}
}


